@inproceedings{van2017neural,
  title={Neural discrete representation learning},
  author={van den Oord, Aaron and Vinyals, Oriol and others},
  booktitle={Advances in Neural Information Processing Systems},
  pages={6306--6315},
  year={2017}
}

@article{kaiser2018fast,
  title={Fast decoding in sequence models using discrete latent variables},
  author={Kaiser, Lukasz and Roy, Aurko and Vaswani, Ashish and Pamar, Niki and Bengio, Samy and Uszkoreit, Jakob and Shazeer, Noam},
  journal={arXiv preprint arXiv:1803.03382},
  year={2018}
}

@article{guzman2019two,
  title={Two New Evaluation Datasets for Low-Resource Machine Translation: Nepali-English and Sinhala-English},
  author={Guzm{\'a}n, Francisco and Chen, Peng-Jen and Ott, Myle and Pino, Juan and Lample, Guillaume and Koehn, Philipp and Chaudhary, Vishrav and Ranzato, Marc'Aurelio},
  journal={arXiv preprint arXiv:1902.01382},
  year={2019}
}
